<collection xmlns="http://www.loc.gov/MARC21/slim">
<record>
  <leader>00946nam0a22002051i 450 </leader>
  <controlfield tag="001">IT\ICCU\CNCE\079833</controlfield>
  <controlfield tag="005">20180111000000.0</controlfield>
  <datafield tag="012" ind1=" " ind2=" ">
    <subfield code="a">giti giti giti mati (C) 1540 (Q)</subfield>
    <subfield code="2">fei</subfield>
  </datafield>
  <datafield tag="100" ind1=" " ind2=" ">
    <subfield code="a">20180111f15401560    0itac0103    ba</subfield>
  </datafield>
  <datafield tag="101" ind1=" " ind2=" ">
    <subfield code="a">ITA</subfield>
  </datafield>
  <datafield tag="102" ind1=" " ind2=" ">
    <subfield code="a">IT</subfield>
  </datafield>
  <datafield tag="200" ind1="1" ind2=" ">
    <subfield code="a">Opera nuoua nellaquale \!! sicontiene \!! un capitolo in laude della citta di Fioreza: composto per Demofido Pastore. Item un&apos;altro capitolo, con una Enigma di messer Lodouico Ariosto, non piu uisto: &amp; dinuouo stampato</subfield>
  </datafield>
  <datafield tag="210" ind1=" " ind2=" ">
    <subfield code="e">Stampata in Fiorenza</subfield>
    <subfield code="g">ad istanti di Demofido Pastore detto il Peregrino nato sopra la foresta di Corzona</subfield>
    <subfield code="h">\tra il 1540 e il 1560!</subfield>
  </datafield>
  <datafield tag="215" ind1=" " ind2=" ">
    <subfield code="a">\4! c.</subfield>
    <subfield code="d">8ʻ</subfield>
  </datafield>
  <datafield tag="300" ind1=" " ind2=" ">
    <subfield code="a">La data si ricava dall&apos;attivit ̉dell&apos;editore</subfield>
  </datafield>
  <datafield tag="620" ind1=" " ind2=" ">
    <subfield code="a">IT</subfield>
    <subfield code="d">Firenze</subfield>
  </datafield>
  <datafield tag="712" ind1="0" ind2="2">
    <subfield code="a">Damonfido</subfield>
    <subfield code="3">IT\ICCU\CNCT\000813</subfield>
    <subfield code="4">650</subfield>
  </datafield>
  <datafield tag="791" ind1="0" ind2="2">
    <subfield code="a">Peregrino</subfield>
    <subfield code="3">IT\ICCU\CNCT\002818</subfield>
    <subfield code="z">Damonfido</subfield>
  </datafield>
  <datafield tag="801" ind1=" " ind2="3">
    <subfield code="a">IT</subfield>
    <subfield code="b">ICCU</subfield>
    <subfield code="c">20201115</subfield>
  </datafield>
  <datafield tag="899" ind1=" " ind2=" ">
    <subfield code="a">Biblioteca nazionale centrale. Firenze</subfield>
    <subfield code="1">FI0098</subfield>
    <subfield code="2">CFI CF</subfield>
  </datafield>
</record>
</collection>
